<record><leader>00000cas a22000007a 4500</leader><controlfield tag="001">43641836</controlfield><controlfield tag="008">000316d18901894sduwr ne      0    0eng d</controlfield><datafield ind1=" " ind2=" " tag="010"><subfield code="a">sn 00065161 </subfield></datafield><datafield ind1=" " ind2=" " tag="040"><subfield code="a">SXN</subfield><subfield code="b">eng</subfield><subfield code="c">SXN</subfield><subfield code="d">OCLCF</subfield><subfield code="d">OCLCO</subfield></datafield><datafield ind1="1" ind2=" " tag="029"><subfield code="a">AU@</subfield><subfield code="b">000021486632</subfield></datafield><datafield ind1=" " ind2=" " tag="042"><subfield code="a">msc</subfield></datafield><datafield ind1=" " ind2=" " tag="043"><subfield code="a">n-us-sd</subfield></datafield><datafield ind1="0" ind2="0" tag="245"><subfield code="a">Faulk County republican.</subfield></datafield><datafield ind1=" " ind2=" " tag="260"><subfield code="a">Faulkton, Dakota [S.D.] :</subfield><subfield code="b">Evans &amp; Young</subfield></datafield><datafield ind1=" " ind2=" " tag="300"><subfield code="a">v.</subfield></datafield><datafield ind1=" " ind2=" " tag="310"><subfield code="a">Weekly</subfield></datafield><datafield ind1="0" ind2=" " tag="362"><subfield code="a">Vol. 4, no. 28 (Apr. 26, 1890)-</subfield></datafield><datafield ind1="1" ind2=" " tag="362"><subfield code="a">Ceased 1894.</subfield></datafield><datafield ind1=" " ind2=" " tag="530"><subfield code="a">Available on microfilm from: State Archives, South Dakota State Historical Society.</subfield></datafield><datafield ind1=" " ind2=" " tag="580"><subfield code="a">Continues: Faulk County democrat.</subfield></datafield><datafield ind1=" " ind2=" " tag="580"><subfield code="a">Merged with: Faulk County record (Faulkton, S.D. : 188u) to form: republican-record.</subfield></datafield><datafield ind1=" " ind2="0" tag="651"><subfield code="a">Faulkton (S.D.)</subfield><subfield code="v">Newspapers.</subfield></datafield><datafield ind1=" " ind2="0" tag="651"><subfield code="a">Faulk County (S.D.)</subfield><subfield code="v">Newspapers.</subfield></datafield><datafield ind1=" " ind2="7" tag="655"><subfield code="a">Newspapers.</subfield><subfield code="2">fast</subfield><subfield code="0">(OCoLC)fst01423814</subfield></datafield><datafield ind1=" " ind2="7" tag="651"><subfield code="a">South Dakota</subfield><subfield code="z">Faulk County.</subfield><subfield code="2">fast</subfield><subfield code="0">(OCoLC)fst01205104</subfield></datafield><datafield ind1=" " ind2="7" tag="651"><subfield code="a">South Dakota</subfield><subfield code="z">Faulkton.</subfield><subfield code="2">fast</subfield><subfield code="0">(OCoLC)fst01887356</subfield></datafield><datafield ind1=" " ind2=" " tag="752"><subfield code="a">United States</subfield><subfield code="b">South Dakota</subfield><subfield code="c">Faulk</subfield><subfield code="d">Faulkton.</subfield></datafield><datafield ind1="0" ind2="0" tag="780"><subfield code="t">Faulk County democrat</subfield><subfield code="w">(DLC)sn 00065160</subfield></datafield><datafield ind1="1" ind2="7" tag="785"><subfield code="t">Faulk County record (Faulkton, S.D. : 188u)</subfield><subfield code="w">(DLC)sn 00065159</subfield></datafield><datafield ind1="1" ind2="7" tag="785"><subfield code="t">Republican-record</subfield><subfield code="w">(DLC)sn 85042708</subfield></datafield></record>